@inproceedings{reinking2021perceus,
  title={Perceus: Garbage free reference counting with reuse},
  author={Reinking, Alex and Xie, Ningning and de Moura, Leonardo and Leijen, Daan},
  booktitle={Proceedings of the 42nd ACM SIGPLAN International Conference on Programming Language Design and Implementation},
  pages={96--111},
  year={2021}
}